@article{beckers1993stability,
    title={Stability of a FBTCS scheme applied to the propagation of shallow-water inertia-gravity waves on various space grids},
    author={Beckers, J-M and Deleersnijder, E},
    journal={Journal of computational physics},
    number={1},
    year={1993}
}

@article{musgrave1985numerical,
    title={A numerical study of the roles of subgyre-scale mixing and the western boundary current on homogenization of a passive tracer},
    author={Musgrave, D L},
    journal={Journal of Geophysical Research: Oceans},
    volume={90},
    number={C4},
    pages={7037--7043},
    year={1985},
    publisher={Wiley Online Library}
}
